@inproceedings{hessel2016science,
  title={Science, AskScience, and BadScience: On the Coexistence of Highly Related Communities},
  author={Hessel, Jack and Tan, Chenhao and Lee, Lillian},
  booktitle={Tenth International AAAI Conference on Web and Social Media},
  year={2016}
}
@inproceedings{barbosa2016averaging,
  title={Averaging Gone Wrong: Using Time-Aware Analyses to Better Understand Behavior},
  author={Barbosa, Samuel and Cosley, Dan and Sharma, Amit and Cesar Jr, Roberto M},
  booktitle={Proceedings of the 25th International Conference on World Wide Web},
  pages={829--841},
  year={2016},
  organization={International World Wide Web Conferences Steering Committee}
}
@inproceedings{barbaresi2015collection,
  title={Collection, Description, and Visualization of the German Reddit Corpus},
  author={Barbaresi, Adrien},
  booktitle={2nd Workshop on Natural Language Processing for Computer-Mediated Communication},
  pages={7--11},
  year={2015}
}
@misc{baumgartner2015dataset,
  title = {I have every publicly available Reddit comment for research. ~ 1.7 billion comments at 250 GB compressed. Any interest in this? : datasets},
  author={Jason Baumgartner},
  howpublished = {\url{https://www.reddit.com/r/datasets/comments/3bxlg7/i_have_every_publicly_available_reddit_comment/}},
  year={2016},
  note = {Accessed: 2011-11-07}
}
@misc{pew2016reddit,
  title = {How the 2016 presidential campaign is being discussed on Reddit | Pew Research Center},
  author={Michael Barthel},
  howpublished = {\url{http://www.pewresearch.org/fact-tank/2016/05/26/how-the-2016-presidential-campaign-is-being-discussed-on-reddit/}},
  note = {Accessed: 2011-11-07}
}
@inproceedings{saleem2016web,
  title={A Web of Hate: Tackling Hateful Speech in Online Social Spaces},
  author={Saleem, H.M. and Dillon, K. and Benesch, S. and Ruths, D},
  booktitle={First Workshop on Text Analytics for Cybersecurity and Online Safety (TA-COS 2016)},
  year={2016}
}
@inproceedings{matias2016going,
  title={Going Dark: Social Factors in Collective Action Against Platform Operators in the Reddit Blackout},
  author={Matias, J Nathan},
  booktitle={Proceedings of the 2016 CHI Conference on Human Factors in Computing Systems},
  pages={1138--1151},
  year={2016},
  organization={ACM}
}
@article{hessel2015democrats,
  title={What do Democrats do in their Spare Time? Latent Interest Detection in Multi-Community Networks},
  author={Hessel, Jack and Schofield, Alexandra and Lee, Lillian and Mimno, David},
  journal={arXiv preprint arXiv:1511.03371},
  year={2015}
}
@article{fire2016time,
  title={Time Is of the Essence: Analyzing the Effect of Vertex-Joining Time on Complex Network Evolution},
  author={Fire, Michael and Guestrin, Carlos},
  journal={arXiv preprint arXiv:1603.07445},
  year={2016}
}
@inproceedings{tan2015all,
  title={All who wander: On the prevalence and characteristics of multi-community engagement},
  author={Tan, Chenhao and Lee, Lillian},
  booktitle={Proceedings of the 24th International Conference on World Wide Web},
  pages={1056--1066},
  year={2015},
  organization={ACM}
}
@article{fire2016analyzing,
  title={Analyzing Complex Network User Arrival Patterns and Their Effect on Network Topologies},
  author={Fire, Michael and Guestrin, Carlos},
  journal={arXiv preprint arXiv:1603.07445},
  year={2016}
}
@inproceedings{newell2016user,
  title={User Migration in Online Social Networks: A Case Study on Reddit During a Period of Community Unrest},
  author={Newell, Edward and Jurgens, David and Saleem, Haji Mohammad and Vala, Hardik and Sassine, Jad and Armstrong, Caitrin and Ruths, Derek},
  booktitle={Tenth International AAAI Conference on Web and Social Media},
  year={2016}
}
@inproceedings{pak2010twitter,
  title={Twitter as a Corpus for Sentiment Analysis and Opinion Mining.},
  author={Pak, Alexander and Paroubek, Patrick},
  booktitle={LREc},
  volume={10},
  pages={1320--1326},
  year={2010}
}
@inproceedings{abdullah2011epidemic,
  title={An epidemic model for news spreading on twitter},
  author={Abdullah, Saeed and Wu, Xindong},
  booktitle={2011 IEEE 23rd International Conference on Tools with Artificial Intelligence},
  pages={163--169},
  year={2011},
  organization={IEEE}
}
@article{bollen2011twitter,
  title={Twitter mood predicts the stock market},
  author={Bollen, Johan and Mao, Huina and Zeng, Xiaojun},
  journal={Journal of Computational Science},
  volume={2},
  number={1},
  pages={1--8},
  year={2011},
  publisher={Elsevier}
}
@article{bond201261,
  title={A 61-million-person experiment in social influence and political mobilization},
  author={Bond, Robert M and Fariss, Christopher J and Jones, Jason J and Kramer, Adam DI and Marlow, Cameron and Settle, Jaime E and Fowler, James H},
  journal={Nature},
  volume={489},
  number={7415},
  pages={295--298},
  year={2012},
  publisher={Nature Publishing Group}
}
@article{tufekci2014big,
  title={Big questions for social media big data: Representativeness, validity and other methodological pitfalls},
  author={Tufekci, Zeynep},
  journal={arXiv preprint arXiv:1403.7400},
  year={2014}
}
@inproceedings{matias2016going,
  title={Going Dark: Social Factors in Collective Action Against Platform Operators in the Reddit Blackout},
  author={Matias, J Nathan},
  booktitle={Proceedings of the 2016 CHI Conference on Human Factors in Computing Systems},
  pages={1138--1151},
  year={2016},
  organization={ACM}
}
@inproceedings{newell2016user,
  title={User Migration in Online Social Networks: A Case Study on Reddit During a Period of Community Unrest},
  author={Newell, Edward and Jurgens, David and Saleem, Haji Mohammad and Vala, Hardik and Sassine, Jad and Armstrong, Caitrin and Ruths, Derek},
  booktitle={Tenth International AAAI Conference on Web and Social Media},
  year={2016}
}
@article{massanari2015gamergate,
  title={\# Gamergate and The Fappening: How Redditâ€™s algorithm, governance, and culture support toxic technocultures},
  author={Massanari, Adrienne},
  journal={New Media \& Society},
  pages={1461444815608807},
  year={2015},
  publisher={SAGE Publications}
}
@article{lotan2011arab,
  title={The Arab Spring| the revolutions were tweeted: Information flows during the 2011 Tunisian and Egyptian revolutions},
  author={Lotan, Gilad and Graeff, Erhardt and Ananny, Mike and Gaffney, Devin and Pearce, Ian and others},
  journal={International journal of communication},
  volume={5},
  pages={31},
  year={2011}
}
@article{benkler2015social,
  title={Social mobilization and the networked public sphere: Mapping the SOPA-PIPA debate},
  author={Benkler, Yochai and Roberts, Hal and Faris, Robert and Solow-Niederman, Alicia and Etling, Bruce},
  journal={Political Communication},
  volume={32},
  number={4},
  pages={594--624},
  year={2015},
  publisher={Taylor \& Francis}
}